<record xmlns="http://www.loc.gov/MARC21/slim" xmlns:xsi="http://www.w3.org/2001/XMLSchema-instance" xsi:schemaLocation="http://www.loc.gov/MARC21/slim http://www.loc.gov/standards/marcxml/schema/MARC21slim.xsd"><leader>00478cz   2200145n  4500</leader><controlfield tag="001">oca01562366 </controlfield><controlfield tag="005">19980110051136.9</controlfield><controlfield tag="008">860411n| acannaab|          |a aaa      </controlfield><datafield ind1=" " ind2=" " tag="010"><subfield code="a">n  85354953 </subfield></datafield><datafield ind1=" " ind2=" " tag="040"><subfield code="a">DLC</subfield><subfield code="c">DLC</subfield><subfield code="d">DLC</subfield><subfield code="d">Uk</subfield></datafield><datafield ind1="0" ind2=" " tag="100"><subfield code="a">Sotades</subfield></datafield><datafield ind1="0" ind2=" " tag="400"><subfield code="a">Sotade</subfield></datafield><datafield ind1=" " ind2=" " tag="670"><subfield code="a">Pretagostini, R. Ricerche sulla poesia alessandrina, 1984:</subfield><subfield code="b">t.p. (Sotade)</subfield></datafield><datafield ind1=" " ind2=" " tag="670"><subfield code="a">Oxford class. dict.</subfield><subfield code="b">(Sotades, iambic poet, of Maronea)</subfield></datafield><datafield ind1=" " ind2=" " tag="670"><subfield code="a">Encycl. Brit.</subfield><subfield code="b">(Sotades, 3rd cent. B.C., Greek satirist)</subfield></datafield></record>